@inproceedings{karimi2016inferring,
  title={Inferring gender from names on the web: A comparative evaluation of gender detection methods},
  author={Karimi, Fariba and Wagner, Claudia and Lemmerich, Florian and Jadidi, Mohsen and Strohmaier, Markus},
  booktitle={Proceedings of the 25th International Conference Companion on World Wide Web},
  pages={53--54},
  year={2016},
  organization={International World Wide Web Conferences Steering Committee}
}

@inproceedings{dadvar2012improved,
	title={Improved cyberbullying detection using gender information},
	author={Dadvar, Maral and Jong, de FMG and Ordelman, Roeland and Trieschnigg, Dolf},
	booktitle={Proceedings of the Twelfth Dutch-Belgian Information Retrieval Workshop (DIR 2012)},
	year={2012},
	organization={University of Ghent}
}